%% This BibTeX bibliography file was created using BibDesk.
%% http://bibdesk.sourceforge.net/


%% Created for sam dougherty at 2013-11-13 21:27:39 -0700 


%% Saved with string encoding Unicode (UTF-8) 



@article{hellawell2001gis,
	Author = {Hellawell, EE and Kemp, AC and Nancarrow, DJ},
	Date-Added = {2013-11-13 21:13:51 -0700},
	Date-Modified = {2013-11-13 21:15:46 -0700},
	Journal = {Engineering Geology},
	Keywords = {Hong Kong},
	Number = {1},
	Pages = {107--116},
	Title = {A GIS raster technique to optimise contaminated soil removal},
	Volume = {60},
	Year = {2001},
	Bdsk-File-1 = {YnBsaXN0MDDUAQIDBAUGJCVYJHZlcnNpb25YJG9iamVjdHNZJGFyY2hpdmVyVCR0b3ASAAGGoKgHCBMUFRYaIVUkbnVsbNMJCgsMDRBWJGNsYXNzV05TLmtleXNaTlMub2JqZWN0c4AHog4PgAKAA6IREoAEgAVccmVsYXRpdmVQYXRoWWFsaWFzRGF0YV8QUS4uL0Ryb3Bib3gvU0NIT09ML0dQSFlfMzg0L0dJUy9HSVMgcmFzdGVyIHRlY2huaXF1ZSB0byBvcHRpbWl6ZSBzb2lsIHJlbW92YWwuaHRtbNIJFxgZV05TLmRhdGGABk8RAiAAAAAAAiAAAgAAB21hcm1pb24AAAAAAAAAAAAAAAAAAAAAAAAAAM6HI35IKwAAAB7CoB9HSVMgcmFzdGVyIHRlY2huaXF1IzFFQzI4NS5odG1sAAAAAAAAAAAAAAAAAAAAAAAAAAAAAAAAAAAAAAAAAAAAHsKFzphPIwAAAAAAAAAAAAEABQAACSAAAAAAAAAAAAAAAAAAAAADR0lTAAAQAAgAAM6Hd94AAAARAAgAAM6Yo4MAAAABABgAHsKgAAf3cwAH92UAB/cUAAWrtAAAkZ4AAgBWbWFybWlvbjpVc2VyczpzYW1kb3VnaGVydHk6RHJvcGJveDpTQ0hPT0w6R1BIWV8zODQ6R0lTOkdJUyByYXN0ZXIgdGVjaG5pcXUjMUVDMjg1Lmh0bWwADgBmADIARwBJAFMAIAByAGEAcwB0AGUAcgAgAHQAZQBjAGgAbgBpAHEAdQBlACAAdABvACAAbwBwAHQAaQBtAGkAegBlACAAcwBvAGkAbAAgAHIAZQBtAG8AdgBhAGwALgBoAHQAbQBsAA8AEAAHAG0AYQByAG0AaQBvAG4AEgBhVXNlcnMvc2FtZG91Z2hlcnR5L0Ryb3Bib3gvU0NIT09ML0dQSFlfMzg0L0dJUy9HSVMgcmFzdGVyIHRlY2huaXF1ZSB0byBvcHRpbWl6ZSBzb2lsIHJlbW92YWwuaHRtbAAAEwABLwAAFQACABP//wAA0hscHR5aJGNsYXNzbmFtZVgkY2xhc3Nlc11OU011dGFibGVEYXRhox0fIFZOU0RhdGFYTlNPYmplY3TSGxwiI1xOU0RpY3Rpb25hcnmiIiBfEA9OU0tleWVkQXJjaGl2ZXLRJidUcm9vdIABAAgAEQAaACMALQAyADcAQABGAE0AVABcAGcAaQBsAG4AcABzAHUAdwCEAI4A4gDnAO8A8QMVAxoDJQMuAzwDQANHA1ADVQNiA2UDdwN6A38AAAAAAAACAQAAAAAAAAAoAAAAAAAAAAAAAAAAAAADgQ==},
	Bdsk-File-2 = {YnBsaXN0MDDUAQIDBAUGJCVYJHZlcnNpb25YJG9iamVjdHNZJGFyY2hpdmVyVCR0b3ASAAGGoKgHCBMUFRYaIVUkbnVsbNMJCgsMDRBWJGNsYXNzV05TLmtleXNaTlMub2JqZWN0c4AHog4PgAKAA6IREoAEgAVccmVsYXRpdmVQYXRoWWFsaWFzRGF0YV8QZi4uL0Ryb3Bib3gvU0NIT09ML0dQSFlfMzg0L0dJUy9NZXRhbCBDb250YW1pbmF0aW9uIGluIHVyYmFuIHN1YnVyYmFuIHBhcmsgc29pbHMgb2YgSEsgYmFzZWQgb24gR0lTLnBkZtIJFxgZV05TLmRhdGGABk8RAl4AAAAAAl4AAgAAB21hcm1pb24AAAAAAAAAAAAAAAAAAAAAAAAAAM6HI35IKwAAAB7CoB9NZXRhbCBDb250YW1pbmF0aW9uICMzM0I2MDgucGRmAAAAAAAAAAAAAAAAAAAAAAAAAAAAAAAAAAAAAAAAAAAAM7YIzqmbQgAAAAAAAAAAAAEABQAACSAAAAAAAAAAAAAAAAAAAAADR0lTAAAQAAgAAM6Hd94AAAARAAgAAM6p/bIAAAABABgAHsKgAAf3cwAH92UAB/cUAAWrtAAAkZ4AAgBWbWFybWlvbjpVc2VyczpzYW1kb3VnaGVydHk6RHJvcGJveDpTQ0hPT0w6R1BIWV8zODQ6R0lTOk1ldGFsIENvbnRhbWluYXRpb24gIzMzQjYwOC5wZGYADgCQAEcATQBlAHQAYQBsACAAQwBvAG4AdABhAG0AaQBuAGEAdABpAG8AbgAgAGkAbgAgAHUAcgBiAGEAbgAgAHMAdQBiAHUAcgBiAGEAbgAgAHAAYQByAGsAIABzAG8AaQBsAHMAIABvAGYAIABIAEsAIABiAGEAcwBlAGQAIABvAG4AIABHAEkAUwAuAHAAZABmAA8AEAAHAG0AYQByAG0AaQBvAG4AEgB2VXNlcnMvc2FtZG91Z2hlcnR5L0Ryb3Bib3gvU0NIT09ML0dQSFlfMzg0L0dJUy9NZXRhbCBDb250YW1pbmF0aW9uIGluIHVyYmFuIHN1YnVyYmFuIHBhcmsgc29pbHMgb2YgSEsgYmFzZWQgb24gR0lTLnBkZgATAAEvAAAVAAIAE///AADSGxwdHlokY2xhc3NuYW1lWCRjbGFzc2VzXU5TTXV0YWJsZURhdGGjHR8gVk5TRGF0YVhOU09iamVjdNIbHCIjXE5TRGljdGlvbmFyeaIiIF8QD05TS2V5ZWRBcmNoaXZlctEmJ1Ryb290gAEACAARABoAIwAtADIANwBAAEYATQBUAFwAZwBpAGwAbgBwAHMAdQB3AIQAjgD3APwBBAEGA2gDbQN4A4EDjwOTA5oDowOoA7UDuAPKA80D0gAAAAAAAAIBAAAAAAAAACgAAAAAAAAAAAAAAAAAAAPU}}

@article{Lee200645,
	Author = {Celine Siu-lan Lee and Xiangdong Li and Wenzhong Shi and Sharon Ching-nga Cheung and Iain Thornton},
	Doi = {http://dx.doi.org/10.1016/j.scitotenv.2005.03.024},
	Issn = {0048-9697},
	Journal = {Science of The Total Environment},
	Keywords = {Hong Kong},
	Number = {1--3},
	Pages = {45 - 61},
	Title = {Metal contamination in urban, suburban, and country park soils of Hong Kong: A study based on \{GIS\} and multivariate statistics},
	Url = {http://www.sciencedirect.com/science/article/pii/S0048969705002263},
	Volume = {356},
	Year = {2006},
	Bdsk-Url-1 = {http://www.sciencedirect.com/science/article/pii/S0048969705002263},
	Bdsk-Url-2 = {http://dx.doi.org/10.1016/j.scitotenv.2005.03.024},
	Bdsk-File-1 = {YnBsaXN0MDDUAQIDBAUGJCVYJHZlcnNpb25YJG9iamVjdHNZJGFyY2hpdmVyVCR0b3ASAAGGoKgHCBMUFRYaIVUkbnVsbNMJCgsMDRBWJGNsYXNzV05TLmtleXNaTlMub2JqZWN0c4AHog4PgAKAA6IREoAEgAVccmVsYXRpdmVQYXRoWWFsaWFzRGF0YV8QZi4uL0Ryb3Bib3gvU0NIT09ML0dQSFlfMzg0L0dJUy9NZXRhbCBDb250YW1pbmF0aW9uIGluIHVyYmFuIHN1YnVyYmFuIHBhcmsgc29pbHMgb2YgSEsgYmFzZWQgb24gR0lTLnBkZtIJFxgZV05TLmRhdGGABk8RAl4AAAAAAl4AAgAAB21hcm1pb24AAAAAAAAAAAAAAAAAAAAAAAAAAM6HI35IKwAAAB7CoB9NZXRhbCBDb250YW1pbmF0aW9uICMzM0I2MDgucGRmAAAAAAAAAAAAAAAAAAAAAAAAAAAAAAAAAAAAAAAAAAAAM7YIzqmbQgAAAAAAAAAAAAEABQAACSAAAAAAAAAAAAAAAAAAAAADR0lTAAAQAAgAAM6Hd94AAAARAAgAAM6p/bIAAAABABgAHsKgAAf3cwAH92UAB/cUAAWrtAAAkZ4AAgBWbWFybWlvbjpVc2VyczpzYW1kb3VnaGVydHk6RHJvcGJveDpTQ0hPT0w6R1BIWV8zODQ6R0lTOk1ldGFsIENvbnRhbWluYXRpb24gIzMzQjYwOC5wZGYADgCQAEcATQBlAHQAYQBsACAAQwBvAG4AdABhAG0AaQBuAGEAdABpAG8AbgAgAGkAbgAgAHUAcgBiAGEAbgAgAHMAdQBiAHUAcgBiAGEAbgAgAHAAYQByAGsAIABzAG8AaQBsAHMAIABvAGYAIABIAEsAIABiAGEAcwBlAGQAIABvAG4AIABHAEkAUwAuAHAAZABmAA8AEAAHAG0AYQByAG0AaQBvAG4AEgB2VXNlcnMvc2FtZG91Z2hlcnR5L0Ryb3Bib3gvU0NIT09ML0dQSFlfMzg0L0dJUy9NZXRhbCBDb250YW1pbmF0aW9uIGluIHVyYmFuIHN1YnVyYmFuIHBhcmsgc29pbHMgb2YgSEsgYmFzZWQgb24gR0lTLnBkZgATAAEvAAAVAAIAE///AADSGxwdHlokY2xhc3NuYW1lWCRjbGFzc2VzXU5TTXV0YWJsZURhdGGjHR8gVk5TRGF0YVhOU09iamVjdNIbHCIjXE5TRGljdGlvbmFyeaIiIF8QD05TS2V5ZWRBcmNoaXZlctEmJ1Ryb290gAEACAARABoAIwAtADIANwBAAEYATQBUAFwAZwBpAGwAbgBwAHMAdQB3AIQAjgD3APwBBAEGA2gDbQN4A4EDjwOTA5oDowOoA7UDuAPKA80D0gAAAAAAAAIBAAAAAAAAACgAAAAAAAAAAAAAAAAAAAPU}}
